{
  "last_updated": "2026-02-02T17:48:00-08:00",
  "period": {
    "from": "2026-01-04",
    "to": "2026-02-02",
    "label": "Last 30 days"
  },
  "organization": {
    "id": 12296333,
    "name": "William Corbin",
    "total_shows": 5266,
    "total_episodes": 246721,
    "total_downloads_lifetime": 6646694
  },
  "downloads": {
    "last_30_days": 713577,
    "change_pct": 10
  },
  "ad_exchange": {
    "impressions": 1686895,
    "impressions_change_pct": -26,
    "revenue_usd": 4111.54,
    "revenue_change_pct": -62,
    "breakdown": {
      "spreaker": 23.34,
      "other_players": 4088.20
    }
  },
  "campaigns": {
    "impressions": 125314,
    "impressions_change_pct": 603,
    "revenue_usd": 0.00
  },
  "accounts": [
    {"name": "Katie Brown", "impressions": 357070, "revenue": 869.57, "downloads_lifetime": null},
    {"name": "QP-2", "impressions": 276117, "revenue": 660.86, "downloads_lifetime": null},
    {"name": "QP-1", "impressions": 260719, "revenue": 632.98, "downloads_lifetime": 2710939},
    {"name": "QP - Daily", "impressions": 242642, "revenue": 600.10, "downloads_lifetime": 908181},
    {"name": "QP-3", "impressions": 159123, "revenue": 378.99, "downloads_lifetime": 1495691},
    {"name": "QP - Blended", "impressions": 139347, "revenue": 345.77, "downloads_lifetime": null},
    {"name": "Katie Brown 2", "impressions": 82151, "revenue": 206.98, "downloads_lifetime": 952435},
    {"name": "QP-4", "impressions": 65889, "revenue": 159.22, "downloads_lifetime": null},
    {"name": "QP-JT2", "impressions": 45225, "revenue": 108.18, "downloads_lifetime": 295953},
    {"name": "QP-5", "impressions": 27426, "revenue": 65.27, "downloads_lifetime": 283495},
    {"name": "David McHealy", "impressions": 14890, "revenue": 42.15, "downloads_lifetime": null},
    {"name": "QP-JP", "impressions": 6653, "revenue": 15.97, "downloads_lifetime": null},
    {"name": "Jason St Onge", "impressions": 5725, "revenue": 15.53, "downloads_lifetime": null},
    {"name": "John Peed", "impressions": 1146, "revenue": 2.91, "downloads_lifetime": null},
    {"name": "QP-JNP", "impressions": 1050, "revenue": 2.79, "downloads_lifetime": null},
    {"name": "Jeanine Wright", "impressions": 1104, "revenue": 2.73, "downloads_lifetime": null},
    {"name": "JNP-2", "impressions": 517, "revenue": 1.27, "downloads_lifetime": null},
    {"name": "Approov Mobile Security", "impressions": 101, "revenue": 0.27, "downloads_lifetime": null}
  ],
  "api_keys_available": ["QP-1", "QP - Daily", "Katie Brown 2", "QP-5", "QP-3", "QP-JT2"],
  "payment_history": [
    {"month": "2025-11", "amount": 7474.21, "status": "paid", "paid_date": "2026-01-26"},
    {"month": "2025-10", "amount": 5886.17, "status": "paid", "paid_date": "2025-12-29"},
    {"month": "2025-09", "amount": 8499.17, "status": "paid", "paid_date": "2025-11-25"},
    {"month": "2025-08", "amount": 6603.91, "status": "paid", "paid_date": "2025-10-28"},
    {"month": "2025-07", "amount": 6084.95, "status": "paid", "paid_date": "2025-09-26"},
    {"month": "2025-06", "amount": 6465.20, "status": "paid", "paid_date": "2025-08-27"},
    {"month": "2025-05", "amount": 5050.12, "status": "paid", "paid_date": "2025-07-29"},
    {"month": "2025-04", "amount": 4597.62, "status": "paid", "paid_date": "2025-06-26"},
    {"month": "2025-03", "amount": 6643.29, "status": "paid", "paid_date": "2025-05-27"},
    {"month": "2025-02", "amount": 6334.82, "status": "paid", "paid_date": "2025-04-28"},
    {"month": "2025-01", "amount": 5428.51, "status": "paid", "paid_date": "2025-03-26"},
    {"month": "2024-12", "amount": 10317.55, "status": "paid", "paid_date": "2025-02-26"},
    {"month": "2024-11", "amount": 9215.78, "status": "paid", "paid_date": "2025-01-28"},
    {"month": "2024-10", "amount": 8175.67, "status": "paid", "paid_date": "2024-12-30"},
    {"month": "2024-09", "amount": 10805.91, "status": "paid", "paid_date": "2024-11-27"},
    {"month": "2024-08", "amount": 5443.64, "status": "paid", "paid_date": "2024-10-28"},
    {"month": "2024-07", "amount": 4141.78, "status": "paid", "paid_date": "2024-09-25"},
    {"month": "2024-06", "amount": 5845.42, "status": "paid", "paid_date": "2024-08-27"},
    {"month": "2024-05", "amount": 4645.11, "status": "paid", "paid_date": "2024-07-26"},
    {"month": "2024-04", "amount": 4059.95, "status": "paid", "paid_date": "2024-06-25"},
    {"month": "2024-03", "amount": 4517.31, "status": "paid", "paid_date": "2024-05-28"},
    {"month": "2024-02", "amount": 2941.53, "status": "paid", "paid_date": "2024-04-29"},
    {"month": "2024-01", "amount": 2113.45, "status": "paid", "paid_date": "2024-03-27"},
    {"month": "2023-12", "amount": 2688.09, "status": "paid", "paid_date": "2024-02-27"},
    {"month": "2023-11", "amount": 1774.69, "status": "paid", "paid_date": "2024-01-29"},
    {"month": "2023-10", "amount": 960.68, "status": "paid", "paid_date": "2023-12-28"},
    {"month": "2023-08/09", "amount": 253.46, "status": "paid", "paid_date": "2023-11-28"}
  ]
}
